<?xml version="1.0" encoding="UTF-8"?><collection xmlns="http://www.loc.gov/MARC21/slim"><record><leader>00379nam--2200145-i-4500</leader><controlfield tag="001">000026607</controlfield><controlfield tag="002">20161230</controlfield><controlfield tag="005">20161230201036</controlfield><controlfield tag="008">060222s1000------------r-----000-0-eng-d</controlfield><datafield ind1=" " ind2=" " tag="080"><subfield code="a">517.982.444</subfield></datafield><datafield ind1=" " ind2=" " tag="100"><subfield code="a">Kecs Wilhelm</subfield></datafield><datafield ind1=" " ind2=" " tag="245"><subfield code="a">Produsul de convolutie si aplicatii</subfield></datafield><datafield ind1=" " ind2=" " tag="260"><subfield code="a">Bucuresti, Ed.Acad.R.S.R., 1978, 231p</subfield></datafield><datafield ind1=" " ind2=" " tag="852"><subfield code="a">46101</subfield><subfield code="c">517.9</subfield></datafield><datafield ind1=" " ind2=" " tag="CAT"><subfield code="a">Sys</subfield><subfield code="c">20081030</subfield><subfield code="h">083748</subfield></datafield></record></collection>